@book{eysenck_cognitive_2010,
  address = {Hove, Eng. ; New York},
  edition = {6 edition},
  title = {Cognitive Psychology: A Student's Handbook, 6th Edition},
  isbn = {9781841695402},
  shorttitle = {Cognitive Psychology},
  abstract = {Previous editions have established this best-selling student handbook as {THE} cognitive psychology textbook of choice, both for its academic rigour and its accessibility. This sixth edition continues this tradition. It has been substantially updated and revised to reflect new developments in the field (especially within cognitive neuroscience). Traditional approaches are combined with the cutting-edge cognitive neuroscience approach to create a comprehensive, coherent and totally up-to-date overview of all the main fields in cognitive psychology. The major topics covered include perception, attention, memory, concepts, language, problem solving, and reasoning, as well as some applied topics such as everyday memory. New to this edition:  Presented in full-colour throughout, with numerous colour illustrations including photographs and brain scans Increased emphasis on cognitive neuroscience, to reflect its growing influence on cognitive psychology A {NEW} chapter on Cognition and Emotion A {WHOLE} chapter on Consciousness Increased coverage of applied topics such as recovered memories, medical expertise, informal reasoning, and emotion regulation incorporated throughout the textbook More focus on individual differences in areas including long-term memory, expertise, reasoning, emotion and regulation. The textbook is packed full of useful features that will engage students and aid revision, including key terms, which are new to this edition, chapter summaries, and suggestions for further reading. Written by one of the leading textbook authors in psychology, this thorough and user-friendly textbook will continue to be essential reading for all undergraduate students of psychology. Those taking courses in computer science, education, linguistics, physiology, and medicine will also find it an invaluable resource. This edition is accompanied by a rich array of supplementary materials, which will be made available to qualifying adopters completely free of charge. The online multimedia materials include:  A {PowerPoint} lecture course and multiple-choice question test bank A unique Student Learning Program: an interactive revision program incorporating a range of multimedia resources including interactive exercises and demonstrations, and active reference links to journal articles.},
  language = {English},
  publisher = {Psychology Press},
  author = {Eysenck, Michael and Keane, Mark T.},
  month = jan,
  year = {2010}
}


@Article{schotter_dont_2014,
  author =       "Schotter, E. R. and Tran, R. and Rayner, K.",
  title =        "Don't Believe What You Read (Only Once): Comprehension Is Supported by Regressions During Reading",
  journal =      "Psychological Science",
  volume =       "25",
  number =       "6",
  pages =        "1218--1226",
  year =         "2014",
  DOI =          "http://dx.doi.org/10.1177/0956797614531148"
} 


@article{differentWaysOfReading,
    author  = {{Cuesta College Academic Support}},
    title   = "Reading Rate--Reading Comprehension Guide",
    year    = "2003",
    journal = "https://academic.cuesta.edu/acasupp/as/305.HTM",
}


@article{ziefle_effects_1998,
	title = "Effects of Display Resolution on Visual Performance",
	volume = "40",
	doi = "http://www.ncbi.nlm.nih.gov/pubmed/9974229",
	pages = "554--568",
	number = "4",
	journal = "Human Factors: The Journal of the Human Factors and Ergonomics Society",
	author = "Ziefle, Martina",
	year = "1998",
	}

@article{spritz,
    author  = "Spritz",
    title   = "The Science",
    journal = "http://www.spritzinc.com/the-science/",
}


@article{rayner_eye_1998,
  title = {Eye movements in reading and information processing: 20 years of research.},
  volume = {124},
  shorttitle = {Eye movements in reading and information processing},
  url = {http://psycnet.apa.org/psycinfo/1998-11174-004},
  number = {3},
  urldate = {2014-10-24},
  journal = {Psychological bulletin},
  author = {Rayner, Keith},
  year = {1998},
  pages = {372}
}


@article{oregan_optimal_1992,
  title = {Optimal viewing position effect in word recognition: A challenge to current theory.},
  volume = {18},
  shorttitle = {Optimal viewing position effect in word recognition},
  url = {http://psycnet.apa.org/journals/xhp/18/1/185/},
  number = {1},
  urldate = {2014-10-24},
  journal = {Journal of Experimental Psychology: Human Perception and Performance},
  author = {O'regan, J. K. and Jacobs, Arthur M.},
  year = {1992},
  pages = {185}
}


@article{nazir_letter_1998,
  title = {Letter legibility and visual word recognition},
  volume = {26},
  url = {http://link.springer.com/article/10.3758/BF03211400},
  number = {4},
  urldate = {2014-12-06},
  journal = {Memory \& cognition},
  author = {Nazir, Tatjana A. and Jacobs, Arthur M. and O’Regan, J. Kevin},
  year = {1998},
  pages = {810--821},
  file = {[PDF] from researchgate.net:C\:\\Users\\Andreas Thomsen\\AppData\\Roaming\\Zotero\\Zotero\\Profiles\\swtwv21l.default\\zotero\\storage\\S33U6A9M\\Nazir m.fl. - 1998 - Letter legibility and visual word recognition.pdf:application/pdf;Snapshot:C\:\\Users\\Andreas Thomsen\\AppData\\Roaming\\Zotero\\Zotero\\Profiles\\swtwv21l.default\\zotero\\storage\\D3FIVGQ3\\BF03211400.html:text/html}
}


@article{oregan_convenient_1984,
  title = {Convenient fixation location within isolated words of different length and structure.},
  volume = {10},
  url = {http://psycnet.apa.org/journals/xhp/10/2/250/},
  number = {2},
  urldate = {2014-12-06},
  journal = {Journal of Experimental Psychology: Human Perception and Performance},
  author = {O'regan, J. K. and Lévy-Schoen, A. and Pynte, J. and Brugaillère, B. é},
  year = {1984},
  pages = {250}
}

@article{carver_reading_1992,
  title = {Reading rate: Theory, research, and practical implications},
  shorttitle = {Reading rate},
  url = {http://www.jstor.org/stable/40016440},
  urldate = {2014-12-07},
  journal = {Journal of Reading},
  author = {Carver, Ronald P.},
  year = {1992},
  pages = {84--95}
}

@article{widmayer_schema_2005,
  title = {Schema theory: An introduction},
  volume = {14},
  shorttitle = {Schema theory},
  url = {http://metablog.borntothink.com/wp-content/uploads/2011/07/1932-Bartlett-Schema-Theory.pdf},
  urldate = {2014-12-07},
  journal = {Retrieved April},
  author = {Widmayer, Sharon Alayne},
  year = {2005},
  file = {[PDF] from borntothink.com:C\:\\Users\\Benjacels\\AppData\\Roaming\\Zotero\\Zotero\\Profiles\\3fdew78z.default\\zotero\\storage\\V5DUBIPR\\Widmayer - 2005 - Schema theory An introduction.pdf:application/pdf}
}