@book{haigh-hutchinson_real-time_2009,
	title = {Real-Time Cameras},
	isbn = {9780123116345},
	publisher = {{CRC} Press},
	author = {Haigh-Hutchinson, Mark},
	year = {2009}
}

@article{unity_flyMode,
    author  = {{Unity Documentation}},
    title   = "Scene View Navigation",
    journal = {\url{http://docs.unity3d.com/Manual/SceneViewNavigation.html}},
}

@article{unity_camTool,
    author  = {{Camera Path Animator}},
    title   = {{Animate Cutscenes in Unity with Ease}},
    journal = {\url{http://support.jasperstocker.com/camera-path-animator}},
}

@article{MayaSource,
    author  = {{Autodesk}},
    title   = {{Maya Overview}},
    journal = {\url{http://www.autodesk.com/products/maya/overview}},
}

@book{mentalModels,
title = {The Design of Everyday Things},
isbn = {9780465067107},
publisher = {Basic Books},
author = {Donald A. Norman},
year = {2002}
}

@article{maya_lookThrough,
    author  = {{Autodesk Maya Online Help}},
    title   = {{Look Through Selected}},
    journal = {\url{http://download.autodesk.com/global/docs/maya2013/en_us/files/Basics_Menus_Panels__Look_Through_Selected.htm}},
}


@article{maya_camAim,
    author  = {{Autodesk Maya Online Help}},
    title   = {{Camera and Aim}},
    journal = {\url{
http://download.autodesk.com/global/docs/maya2012/en_us/files/Create_Cameras__Camera_and_Aim.htm}},
}

%% all under this are just examples -----------------------

%@ARTICLE{bowman:reasoning,
%	AUTHOR = "Mic Bowman and Saumya K. Debray and Larry L. Peterson",
%	TITLE = "Reasoning About Naming Systems",
%	JOURNAL = "ACM Trans. Program. Lang. Syst.",
%	VOLUME = {15},
%	NUMBER = {5},
%	PAGES = {795-825},
%	MONTH = "November",
%	YEAR = {1993}	}

%@ARTICLE{braams:babel,
%	AUTHOR = "Johannes Braams",
%	TITLE = "Babel, a Multilingual Style-Option System for Use with LaTeX's Standard Document Styles",
%	JOURNAL = {TUGboat},
%	VOLUME = {12},
%	NUMBER = {2},
%	PAGES = {291-301},
%	MONTH = "June",
%	YEAR = {1991}	}

%@INPROCEEDINGS{clark:pct,
%	AUTHOR = "Malcolm Clark",
%	TITLE = "Post Congress Tristesse",
%	BOOKTITLE = "TeX90 Conference Proceedings",
%	PAGES = "84-89",
%	ORGANIZATION = "TeX Users Group",
%	MONTH = "March", 
%	YEAR = {1991}	}

%@ARTICLE{herlihy:methodology,
%	AUTHOR = "Maurice Herlihy",
%	TITLE = "A Methodology for Implementing Highly Concurrent
%	Data Objects",
%	JOURNAL = {ACM Trans. Program. Lang. Syst.},
%	VOLUME = {15},
%	NUMBER = {5},
%	PAGES = {745-770},
%	MONTH = "November",
%	YEAR = {1993}	}

%@BOOK{Lamport:LaTeX,
%	AUTHOR = "Leslie Lamport",
%	TITLE = "LaTeX User's Guide and Document Reference Manual",
%	PUBLISHER = "Addison-Wesley Publishing Company",
%	ADDRESS = "Reading, Massachusetts",
%	YEAR = "1986"	}

%@BOOK{salas:calculus,
%	AUTHOR = "S.L. Salas and Einar Hille",
%	TITLE = "Calculus: One and Several Variable",
%	PUBLISHER = "John Wiley and Sons",
%	ADDRESS = "New York",
%	YEAR = "1978"	}

